@misc{barborakoouskov_2020_co,
  author = {Barbora Koďousková},
  month = {01},
  title = {Co je jednostránková webová aplikace (SPA) a kdy ji využít?},
  url = {https://www.rascasone.com/cs/blog/jednostrankova-webova-aplikace-spa},
  cited = {2022-11-28},
  year = {2020},
  organization = {Rascasone}
}
@misc{mal_2010_nodejs,
  author = {Malý, Martin},
  month = {09},
  publisher = {Zdroják},
  title = {Node.js - s JavaScriptem na server - Zdroják},
  url = {https://zdrojak.cz/clanky/node-js-s-javascriptem-na-server/},
  cited = {2023-04-13},
  year = {2010},
  organization = {Zdroják}
}

@misc{barborakoouskov_2020_pro,
  author = {Barbora Koďousková},
  month = {07},
  title = {Proč k vývoji webových aplikací použít technologii NodeJS?},
  url = {https://www.rascasone.com/cs/blog/node-js-architektura-moduly-npm},
  cited = {2023-04-13},
  year = {2020},
  organization = {Rascasone}
}

@book{fedosejev2015react,
  title={React. js essentials},
  author={Fedosejev, Artemij},
  year={2015},
  publisher={Packt Publishing Ltd},
  isbn={9781783551620}
}

@techreport{RFCXML,
  author = {M. Garcia-Martin and G. Camarillo},
  title = {Extensible Markup Language (XML) Format Extension for Representing Copy Control Attributes in Resource Lists},
  howpublished = {Internet Requests for Comments},
  type = {RFC},
  number = {5364},
  year = {2008},
  month = {October},
  issn = {2070-1721},
  publisher = {RFC Editor},
  institution = {RFC Editor},
  url = {https://www.rfc-editor.org/rfc/rfc5364},
  
    cited = {2023-03-18}
}
@techreport{rfchttps,
  author = {E. Rescorla},
  title = {HTTP Over TLS},
  howpublished = {Internet Requests for Comments},
  type = {RFC},
  number = {2818},
  year = {2000},
  month = {May},
  issn = {2070-1721},
  publisher = {RFC Editor},
  institution = {RFC Editor},
  url = {http://www.rfc-editor.org/rfc/rfc2818.txt},
    cited = {2023-03-18}
}
@techreport{rfccsv,
  author = {Y. Shafranovich},
  title = {Common Format and MIME Type for Comma-Separated Values (CSV) Files},
  howpublished = {Internet Requests for Comments},
  type = {RFC},
  number = {4180},
  year = {2005},
  month = {October},
  issn = {2070-1721},
  publisher = {RFC Editor},
  institution = {RFC Editor},
  url = {https://www.rfc-editor.org/rfc/rfc4180},
    cited = {2023-03-18}
  
}
@misc{er_diagram,
  author = {S. Ravikiran},
  month = {05},
  publisher = {Simplilearn},
  title = {A Complete Guide to ER Diagrams in DBMS},
  url = {https://www.simplilearn.com/tutorials/sql-tutorial/er-diagram-in-dbms},
  cited = {2023-04-14},
  year = {2021},
  organization = {Simplilearn.com}
}
@misc{rouse_2021_threetier,
  author = {Rouse, Marget},
  month = {01},
  title = {Three-Tier Architecture},
  url = {https://www.techopedia.com/definition/24649/three-tier-architecture},
  cited = {2023-04-14},
  year = {2021},
  organization = {Techopedia}
}
@techreport{rfcjson,
  author = {T. Bray},
  title = {The JavaScript Object Notation (JSON) Data Interchange Format},
  howpublished = {Internet Requests for Comments},
  type = {RFC},
  number = {8259},
  year = {2017},
  month = {December},
  issn = {2070-1721},
  publisher = {RFC Editor},
  institution = {RFC Editor},
  url =  {https://www.rfc-editor.org/info/rfc8259},
cited = {2023-03-15}
  
}
@inproceedings{sentencetransformer,
  title = "Sentence-BERT: Sentence Embeddings using Siamese BERT-Networks",
  author = "Reimers, Nils and Gurevych, Iryna",
  booktitle = "Proceedings of the 2019 Conference on Empirical Methods in Natural Language Processing",
  month = "11",
  year = "2019",
  publisher = "Association for Computational Linguistics",
  url = "https://arxiv.org/abs/1908.10084",
}

@article{bertcitace,
  title={Bert: Pre-training of deep bidirectional transformers for language understanding},
  author={Devlin, Jacob and Chang, Ming-Wei and Lee, Kenton and Toutanova, Kristina},
  journal={arXiv preprint arXiv:1810.04805},
  year={2018}
}
@article{waelhgomaa_2013_a,
  author = {Wael H.Gomaa and Fahmy, Aly A},
  pages = {13-18},
  title = {A Survey of Text Similarity Approaches},
  url = {https://www.academia.edu/9531934/A_Survey_of_Text_Similarity_Approaches},
  cited = {2023-04-14},
  volume = {68},
  year = {2013},
  journal = {International Journal of Computer Applications}
}
@misc{cuicategorize,
  author = {Cui, Jin},
  month = {01},
  publisher = {Towards Data Science},
  title = {Categorize Free-Text Bank Transaction Descriptions Using BERT},
  url = {https://towardsdatascience.com/categorize-free-text-bank-transaction-descriptions-using-bert-44c9cc87735b},
  cited = {2023-04-15},
  year = {2023},
  organization = {Medium}
}
@techreport{iso32000-1,
  type = {Standard},
  title = {Document management — Portable document format — Part 2: PDF 2.0},
  shorttitle = {{ISO} 32000-1:2008},
  language = {en},
  url = {https://www.iso.org/standard/75839.html},
  number = {{ISO} 32000-1:2008},
  institution = {International Organization for Standardization},
  author = {{Adobe Systems}},
  month = {December},
  year = {2020},
    cited = {2023-03-18},
}
@article{a2021_ibm,
    author = {IBM},
    title = {HTTP protocol},
  month = {10},
  url = {https://www.ibm.com/docs/en/cics-ts/5.3?topic=concepts-http-protocol},
  cited = {2023-04-18},
  year = {2021},
  howpublished = {online},
  organization = {Ibm.com}
}
 @book{restapibook,
 place={Beijing},
 title={Rest api design rulebook},
 publisher={O'Reilly},
 author={Mark Mass\'e},
 year={2012},
 isbn={1449310508}
 } 
 

@book{dasgupta2017advances,
  title={Advances in user authentication},
  author={Dasgupta, Dipankar and Roy, Arunava and Nag, Abhijit and others},
  year={2017},
  publisher={Springer},
  isbn={3319588079}
}
@misc{shwetank_2013_web,
  author = {Shwetank, Dixit},
  month = {03},
  title = {Web Storage: Easier, More Powerful Client-Side Data Storage},
  url = {https://dev.opera.com/articles/web-storage/},
  cited = {2023-04-18},
  year = {2013},
  organization = {Opera.com}
}
@book{gourley2002http,
  title={HTTP: the definitive guide},
  author={Gourley, David and Totty, Brian and Sayer, Marjorie and Aggarwal, Anshu and Reddy, Sailu},
  year={2002},
  publisher={O'Reilly Media, Inc.},
  isbn ={9780613912594}
}
@book{singh2012software,
  title={Software testing},
  author={Singh, Sanjay Kumar and Singh, Amarjeet},
  year={2012},
  publisher={Vandana Publications},
  isbn={9788194111061},
}

@article{mariadb,
  title={Mariadb vs. mysql},
  author={Bartholomew, Daniel},
  journal={Dostopano},
  volume={7},
  number={10},
  pages={2014},
  year={2012}

}

    
    @BOOK{Pravidla,
      author =       "Zdeněk Hlavsa and others",
      title =        "Pravidla českého pravopisu",
      publisher =    "Academia",
      edition =      "2",
      year =         "2009",
      isbn =         "80-200-1327-X",
    }
    
    @BOOK{Knuth,
      author =       "Donald E. Knuth",
      title =        "The {\TeX}book",
      publisher =    "Addison-Wesley Publishing Company",
      year =         "1996",
      isbn =         "0-201-13447-0",
    }
    
    @BOOK{Rybicka,
      author =       "Jiří Rybička",
      title =        "\LaTeX~pro začátečníky",
      publisher =    "Konvoj",
      edition =      "3",
      year =         "2003",
      isbn =         "80-7302-049-1",
    }

    @BOOK{Olsak,
      author =       "Petr Olšák",
      title =        "{\TeX}book naruby",
      publisher =    "Konvoj",
      year =         "2001",
      isbn =         "80-7302-0007-6",
    }

    @BOOK{Eikh,
      author =       "Victor Eikhout",
      title =        "{\TeX}by Topics, a {\TeX}nitian's Reference",
      publisher =    "Addison-Wesley UK",
      year =         "2001",
      isbn =         "0-201-56882-9",
    }

    @webpage{stackoverflow,
      title =        "Stack overflow developer survey 2022",
      howpublished = "online",
      url =          "https://survey.stackoverflow.co/2022/#web-frameworks-and-technologies",
      cited =        "2023-03-02"
    }
    @misc{rfc7519,
    series =    {Request for Comments},
    number =    7519,
    howpublished =  {RFC 7519},
    publisher = {RFC Editor},
    doi =       {10.17487/RFC7519},
    url =       {https://www.rfc-editor.org/info/rfc7519},
        author =    {Michael B. Jones and John Bradley and Nat Sakimura},
    title =     {{JSON Web Token (JWT)}},
    pagetotal = 30,
    year =      2015,
    month =     may,
    abstract =  {JSON Web Token (JWT) is a compact, URL-safe means of representing claims to be transferred between two parties. The claims in a JWT are encoded as a JSON object that is used as the payload of a JSON Web Signature (JWS) structure or as the plaintext of a JSON Web Encryption (JWE) structure, enabling the claims to be digitally signed or integrity protected with a Message Authentication Code (MAC) and/or encrypted.},
}



    @webpage{fitWeb,
      author =       "Zdena Rábová and Petr Hanáček and Petr Peringer and Petr Přikryl and Bohuslav Křena",
      title =        "Užitečné rady pro psaní práce",
      howpublished = "online",
      publisher =    "FIT VUT v~Brně",
      year =         "2008",
      month =        11,
      url =          "https://www.fit.vut.cz/study/theses/theses-advice/",
      cited =        "2019-10-02"
    }

    @webpage{citace,
      author =       "Zdena Rábová and Petr Hanáček and Petr Peringer and Petr Přikryl and Bohuslav Křena",
      title =        "Pravidla pro bibliografické citace",
      howpublished = "online",
      publisher =    "FIT VUT v Brně",
      year =         "2019",
      month =        3,
      url =          "https://www.fit.vut.cz/study/theses/citations/",
      cited =        "2019-10-02"
    }
   
    @MISC{biblio,
      author =       "Olga Biernátová and Jan Skůpa",
      title =        "Bibliografické odkazy a citace dokumentů",
      howpublished = "online",
      url =          "http://www.citace.com/download/CSN-ISO-690.pdf",
      publisher =    "Citace.com",
      month =        9,
      address =      "Brno",
      year =         "2011",
      cited =        "2019-10-02"
    }
   
    @webpage{formalniBP,
      author =       "Zdena Rábová and Petr Přikryl and Petr Peringer and Petr Lampa and Bohuslav Křena and jaroslav Dytrych and Petr Veigend",
      title =        "Pokyny k~bakalářským pracím a SZZ",
      howpublished = "online",
      year =         "2019",
      url =          "https://www.fit.vut.cz/study/theses/bachelor-theses/",
      cited =        "2019-10-02"
    }
   
    @webpage{formalniDP,
      author =       "Zdena Rábová and Petr Přikryl and Petr Peringer and Petr Lampa and Bohuslav Křena and jaroslav Dytrych and Petr Veigend",
      title =        "Pokyny k~diplomovým pracím a SZZ",
      howpublished = "online",
      year =         "2019",
      url =          "https://www.fit.vut.cz/study/theses/master-theses/",
      cited =        "2019-10-02"
    }
   
    @MISC{smernice,
      key =          "Szz",
      author =       "Petr Štěpánek",
      title =        "Směrnice rektora č. 72/2017 -- Úprava, odevzdávání a zveřejňování závěrečných prací",
      howpublished = "online",
      year =         "2017",
      url =          "https://www.vutbr.cz/uredni-deska/vnitrni-predpisy-a-dokumenty/smernice-c-72-2017-uprava-odevzdavani-a-zverejnovani-zaverecnych-praci-d161410",
      cited =        "2019-10-02"
    }
   
   @MISC{smerniceFIT,
      author =       "Pavel Zemčík",
      title =        "Směrnice děkana č. 7/2018 -- Úprava, odevzdávání a zveřejňování závěrečných prací na FIT VUT v Brně",
      howpublished = "online",
      year =         "2018",
      url =          "https://www.fit.vut.cz/fit/info/smernice/sm2018-07.pdf",
      cited =        "2019-10-02"
    }
   
    @website{prirucka,
      key =          "Cerna",
      author =       "Anna Černá and Jan Chromý and Hana Konečná and others",
      title =        "Internetová jazyková příručka -- Ústav pro jazyk český Akademie věd ČR, v. v. i.",
      howpublished = "online",
      publisher =    "Centrum zpracování přirozeného jazyka FI MU",
      year =         "2019",
      url =          "http://prirucka.ujc.cas.cz/",
      cited =        "2019-10-02"
    }
   
    @website{Herout,
      author =       "Adam Herout",
      title =        {herout.net -- Poznámky učitele, kouče, čtenáře.},
      howpublished = "online",
      year =         "2018",
      url =          "http://www.herout.net/",
      cited =        "2019-10-02"
    }
   
    @webpage{chyby,
      key =          "Szoke",
      author =       "Igor Szöke",
      title =        "Textová část BP/DP -- Lessons learned",
      howpublished = "online",
      year =         "2012",
      url =          "http://blog.igor.szoke.cz/2012/01/textova-cast-bpdp-lessons-learned-1.html",
      cited =        "2019-10-02"
    }
   
    @webpage{rady,
      key =          "Szoke",
      author =       "Igor Szöke",
      title =        "Píšete diplomku? 15+1 rad, které vám pomohou.",
      howpublished = "online",
      year =         "2011",
      url =          "http://blog.igor.szoke.cz/2011/12/pisete-diplomku-151-rad-ktere-vam.html",
      cited =        "2019-10-02"
    }
   
    @webpage{Beran,
      author =       "Vítězslav Beran",
      title =        "Beran-BP DP Projekty",
      howpublished = "online",
      year =         "2017",
      url =          "http://merlin.fit.vutbr.cz/wiki/index.php/Beran-BP_DP_Projekty",
      cited =        "2019-10-02"
    }

    @MISC{BeranPDF,
      author =       "Vítězslav Beran",
      title =        "Jak psát technickou zprávu",
      howpublished = "online",
      year =         "2013",
      url =          "http://www.fit.vutbr.cz/~beranv/podpora/Jak\%20psat\%20technickou\%20zpravu.pdf",
      cited =        "2019-10-00"
    }
   
    @webpage{Cernocky,
      key =          "Cernocky",
      author =       "Jan Černocký",
      title =        "Černocký BP DP -- obecně",
      howpublished = "online",
      year =         "2016",
      url =          "https://merlin.fit.vutbr.cz/wiki/index.php/Cernocky_BP_DP-obecne",
      publisher = "Wiki FIT VUT v Brně",
      cited =        "2019-10-02"
    }
   
    @webpage{CernockyEnglish,
      key =          "Cernocky",
      author =       "Jan Černocký",
      title =        "English SOS",
      howpublished = "online",
      year =         "2016",
      url =          "https://merlin.fit.vutbr.cz/wiki/index.php/English_SOS",
      cited =        "2019-10-02"
    }
   
    @MISC{Zemcik,
      author =       "Pavel Zemčík",
      title =        "Všeobecné pokyny pro studenty a vůbec",
      howpublished = "online",
      year =         "2012",
      url =          "http://www.fit.vutbr.cz/~zemcik/Pokyny.pdf",
      cited =        "2019-10-02"
    }
   
    @BOOK{Lebrun2011,
      author =       "Jean-Luc Lebrun",
      title =        "Scientific Writing 2.0: a reader and writer's guide",
      publisher =    "World Scientific Publishing",
      year =         "2011",
      edition =      "1",
      isbn =         "9814350605",
      owner =        "herout",
      timestamp =    "2015.01.20"
    }
  
    @MASTERSTHESIS{Pysny,
      author = {Radek Py{\v{s}}n{\'{y}}},
      type = {Bakal{\'{a}}{\v{r}}sk{\'{a}} pr{\'{a}}ce},
      title = {BiBTeX styl pro {\v{C}}SN ISO 690 a {\v{C}}SN ISO	690-2},
      school = {Vysok{\'{e}} u{\v{c}}en{\'{i}} technick{\'{e}} v Brn{\v{e}}, Fakulta informa{\v{c}}n{\'{i}}ch technologi{\'{i}}},
      year = {2009},
      location = {Brno, CZ},
      language = {czech},
      url = {https://www.fit.vut.cz/study/thesis/7848/}
    }
